@article{glosten1993relation,
  title={On the relation between the expected value and the volatility of the nominal excess return on stocks},
  author={Glosten, Lawrence R and Jagannathan, Ravi and Runkle, David E},
  journal={The journal of finance},
  volume={48},
  number={5},
  pages={1779--1801},
  year={1993},
  publisher={Wiley Online Library}
}

@article{campbell2006efficient,
  title={Efficient tests of stock return predictability},
  author={Campbell, John Y and Yogo, Motohiro},
  journal={Journal of financial economics},
  volume={81},
  number={1},
  pages={27--60},
  year={2006},
  publisher={Elsevier}
}

@article{elliott1994inference,
  title={Inference in time series regression when the order of integration of a regressor is unknown},
  author={Elliott, Graham and Stock, James H},
  journal={Econometric theory},
  volume={10},
  number={3-4},
  pages={672--700},
  year={1994},
  publisher={Cambridge University Press}
}

@article{elliott1996efficient,
  title={Efficient Tests for an Autoregressive Unit Root},
  author={Elliott, Graham and Rothenberg, Thomas J and Stock, James H},
  journal={Econometrica},
  volume={64},
  number={4},
  pages={813--836},
  year={1996}
}

@article{jacquier2004bayesian,
  title={Bayesian analysis of stochastic volatility models with fat-tails and correlated errors},
  author={Jacquier, Eric and Polson, Nicholas G and Rossi, Peter E},
  journal={Journal of Econometrics},
  volume={122},
  number={1},
  pages={185--212},
  year={2004},
  publisher={Elsevier}
}

@article{cavaliere2005unit,
  title={Unit root tests under time-varying variances},
  author={Cavaliere, Giuseppe},
  journal={Econometric Reviews},
  volume={23},
  number={3},
  pages={259--292},
  year={2005},
  publisher={Taylor \& Francis}
}

@article{phillips1987towards,
  title={Towards a unified asymptotic theory for autoregression},
  author={Phillips, Peter CB},
  journal={Biometrika},
  volume={74},
  number={3},
  pages={535--547},
  year={1987},
  publisher={Oxford University Press}
}

@article{phillips2014confidence,
  title={On confidence intervals for autoregressive roots and predictive regression},
  author={Phillips, Peter CB},
  journal={Econometrica},
  volume={82},
  number={3},
  pages={1177--1195},
  year={2014},
  publisher={Wiley Online Library}
}

@article{bollerslev1990modelling,
  title={Modelling the coherence in short-run nominal exchange rates: a multivariate generalized ARCH model},
  author={Bollerslev, Tim and others},
  journal={Review of Economics and statistics},
  volume={72},
  number={3},
  pages={498--505},
  year={1990},
  publisher={Cambridge}
}

@article{engle1995multivariate,
  title={Multivariate simultaneous generalized ARCH},
  author={Engle, Robert F and Kroner, Kenneth F},
  journal={Econometric theory},
  volume={11},
  number={1},
  pages={122--150},
  year={1995},
  publisher={Cambridge University Press}
}

@article{stock1991confidence,
  title={Confidence intervals for the largest autoregressive root in US macroeconomic time series},
  author={Stock, James H},
  journal={Journal of monetary economics},
  volume={28},
  number={3},
  pages={435--459},
  year={1991},
  publisher={Elsevier}
}

@Manual{R,
   title = {R: A Language and Environment for Statistical Computing},
   author = {{R Core Team}},
   organization = {R Foundation for Statistical Computing},
   address = {Vienna, Austria},
   year = {2013},
   url = {http://www.R-project.org/},
}

@misc{campbell2005implementing,
  title={Implementing the econometric methods in “Efficient tests of stock return predictability”},
  author={Campbell, John Y and Yogo, Motohiro},
  howpublished={Unpublished working paper. University of Pennsylvania},
  year={2005}
}

@Book{urca,
    title = {Analysis of Integrated and Cointegrated Time Series with
      R},
    author = {B. Pfaff},
    publisher = {Springer},
    edition = {Second},
    address = {New York},
    year = {2008},
    note = {ISBN 0-387-27960-1},
    url = {http://www.pfaffikus.de},
  }
  
@article{shiller2000irrational,
  title={Irrational exuberance},
  author={Shiller, Robert C},
  journal={Philosophy and Public Policy Quarterly},
  volume={20},
  number={1},
  pages={18--23},
  year={2000}
}